<?xml version="1.0" encoding="UTF-8"?>
<zs:searchRetrieveResponse xmlns:zs="http://www.loc.gov/zing/srw/">
  <zs:version>1.1</zs:version>
  <zs:numberOfRecords>23</zs:numberOfRecords>
  <zs:records>
    <zs:record>
      <zs:recordSchema/>
      <zs:recordPacking>xml</zs:recordPacking>
      <zs:recordData>
        <record xmlns="http://www.loc.gov/MARC21/slim">
          <leader>04843cjm a22005291a 4500</leader>
          <controlfield tag="001">13529420</controlfield>
          <controlfield tag="005">20120807113214.0</controlfield>
          <controlfield tag="007">sd fsngnnmmned</controlfield>
          <controlfield tag="008">040319s2003    nyuzzn   d              d</controlfield>
          <datafield tag="906" ind1=" " ind2=" ">
            <subfield code="a">7</subfield>
            <subfield code="b">cbc</subfield>
            <subfield code="c">copycat</subfield>
            <subfield code="d">3</subfield>
            <subfield code="e">ncip</subfield>
            <subfield code="f">20</subfield>
            <subfield code="g">y-genmusic</subfield>
          </datafield>
          <datafield tag="925" ind1="0" ind2=" ">
            <subfield code="a">acquire</subfield>
            <subfield code="b">2 copies</subfield>
            <subfield code="x">policy default</subfield>
          </datafield>
          <datafield tag="955" ind1=" " ind2=" ">
            <subfield code="a">vl28 2004-03-19 to MBRS/RS</subfield>
            <subfield code="e">vl28 2004-05-27 copy 2 to MBRS/RS</subfield>
          </datafield>
          <datafield tag="010" ind1=" " ind2=" ">
            <subfield code="a">  2004575267</subfield>
          </datafield>
          <datafield tag="024" ind1="1" ind2=" ">
            <subfield code="a">028947514220</subfield>
          </datafield>
          <datafield tag="028" ind1="0" ind2="0">
            <subfield code="a">B0001092-02CD01--B0001092-02CD02</subfield>
            <subfield code="b">Decca</subfield>
          </datafield>
          <datafield tag="028" ind1="0" ind2="2">
            <subfield code="a">B0001092-02</subfield>
            <subfield code="b">Decca</subfield>
          </datafield>
          <datafield tag="035" ind1=" " ind2=" ">
            <subfield code="a">(DLC)   2004575267</subfield>
          </datafield>
          <datafield tag="035" ind1=" " ind2=" ">
            <subfield code="a">(OCoLC)ocm53447094</subfield>
          </datafield>
          <datafield tag="040" ind1=" " ind2=" ">
            <subfield code="a">NAB</subfield>
            <subfield code="c">NAB</subfield>
            <subfield code="d">OCLCQ</subfield>
            <subfield code="d">DLC</subfield>
          </datafield>
          <datafield tag="042" ind1=" " ind2=" ">
            <subfield code="a">lcderive</subfield>
          </datafield>
          <datafield tag="050" ind1="0" ind2="0">
            <subfield code="a">SDA 92151</subfield>
          </datafield>
          <datafield tag="245" ind1="0" ind2="0">
            <subfield code="a">Essential violin</subfield>
            <subfield code="h">[sound recording].</subfield>
          </datafield>
          <datafield tag="260" ind1=" " ind2=" ">
            <subfield code="a">New York, NY :</subfield>
            <subfield code="b">Decca,</subfield>
            <subfield code="c">p2003.</subfield>
          </datafield>
          <datafield tag="300" ind1=" " ind2=" ">
            <subfield code="a">2 sound discs (157 min.) :</subfield>
            <subfield code="b">digital ;</subfield>
            <subfield code="c">4 3/4 in.</subfield>
          </datafield>
          <datafield tag="511" ind1="0" ind2=" ">
            <subfield code="a">Various artists, various orchestras and various conductors.</subfield>
          </datafield>
          <datafield tag="500" ind1=" " ind2=" ">
            <subfield code="a">Compact discs.</subfield>
          </datafield>
          <datafield tag="500" ind1=" " ind2=" ">
            <subfield code="a">Program notes, inserted.</subfield>
          </datafield>
          <datafield tag="505" ind1="0" ind2=" ">
            <subfield code="a">Disc 1. The four seasons. Concerto, no. 1 in E major, RV 269 "Spring". Allegro / Vivaldi (Alan Loveday ; Academy of St Martin in the Fields ; Neville Marriner, conductor) (3:12) ; Thaïs. Méditation / Massenet (Nigel Kennedy ; National Philharmonic Orchestra ; Richard Bonynge, conductor) (5:40) ; Violin concerto no. 2 in B minor, op. 7. La campanella / Paganini (arr. Kochanski ; Ruggiero Ricci ; Louis Persinger, piano) (4:31) ; Vocalise, op. 34, no. 14 / Rachmaninov (Akiko Suwanai ; Philip Moll, piano) (5:27) ; Violin concerto, no. 1 in G minor, op. 26. Adagio / Bruch (Joshua Bell ; Academy of St Martin in the Fields ; Neville Marriner, conductor) (9:25) ; Concerto for 2 violins in D minor, BWV 1043. Largo ma non tanto / Bach (Henryk Szeryng, Maurice Hasson ; Academy of St Marin in the Fields ; Neville Marriner, conductor) (6:29) ; Tzigane / Ravel (Joshua Bell ; Royal Philharmonic Orchestra ; Andrew Litton, conductor) (10:29).</subfield>
          </datafield>
          <datafield tag="505" ind1="0" ind2=" ">
            <subfield code="a">Salut d'amour, op. 12 / Elgar (Kyung Wha Chung ; Philip Moll, piano) (2:58) ; Scherzo-Tarantelle, op. 16 / Wieniawski (Ruggiero Ricci ; Ernest Lush, piano) (4:11) ; Introduction et Rondo capriccioso / Saint-Saëns (Joshua Bell ; Paul Coker, piano) (9:46) ; Liebesfreud (3:49) ; Liebesleid (3:44) / Kreisler (Joshua Bell ; Paul Coker, piano) ; Violin concerto, no. 2 in D minor, op. 22. Romance / Wieniawski (Joshua Bell ; Cleveland Orchestra ; Vladimir Ashkenazy, conductor) (4:56) ; The gadfly / Shostakovich (Alexander Kerr, ; Royal Concertgebouw Orchestra ; Riccardo Chailly, conductor) (3:51) --</subfield>
          </datafield>
          <datafield tag="505" ind1="0" ind2=" ">
            <subfield code="a">Disc 2. Praeludium and Allegro (in the style of Gaetano Pugnani) / Kreisler (Joshua Bell ; Paul Coker, piano) (5:45) ; Romance, no. 2 in F major, op. 50 / Beethoven (Arthur Grumiaux ; Royal Concertgebouw Orchestra ; Bernard Haitnik, conductor) (7:51) ; Ave Maria, D839 / Schubert (Arthur Grumiaux ; István Hajdu, piano) (4:16) ; Violin partita, no. 2 in D minor, BWV 1004. Allemande (4:12) ; Gigue (3:07) / Bach (Kyung Wha Chung) ; Caprice, no. 13 in B flat major, op. 1 "Devil's laughter" / Paganini (Ruggiero Ricci) (2:21) ; Violin concerto in E minor, op. 64. Allegretto non troppo / Mendelssohn (Joshua Bell ; Academy of St Martin in the Fields ; Neville Marriner, conductor) (5:57) ; The four seasons. Concerto, no. 4 in F minor, RV 297 "Winter". Largo / Vivaldi (Alan Loveday ; Academy of St Martin in the Fields ; Neville Marriner) (2:20) --</subfield>
          </datafield>
          <datafield tag="505" ind1="0" ind2=" ">
            <subfield code="a">Violin concerto in D major, op. 35. Canzonetta / Kyung Wha Chung ; London Symphony Orchestra ; André Previn, conductor) (6:25) ; Les Berceaux, op. 23, no. 1 / Fauré (Arthur Grumiaux ; István Hajdu, piano) (2:47) ; Zigeunerweisen, op. 20 / Sarasate (Joshua Bell, violin ; Royal Philharmonic Orchestra ; Andrew Litton, conductor) (9:03) ; Adagio in E major for violin and orchestra, K261 / Mozart (Mayumi Fujikawa ; Royal Philharmonic Orchestra ; Walter Weller, conductor) (7:32) ; Souvenir d'un lieu cher, op. 42. Mélodie / Tchaikovsky (Akiko Suwanai ; Philip Moll, piano) (3:39) ; Symphonie espagnole, op. 21. Rondo / Lalo (Kyung Wha Chung ; Orchestre symphonique de Montréal ; Charles Dutoit, conductor) (8:16) ; Hungarian dance, no. 1 / Brahms (arr. Joachim ; Kyung Wha Chung ; Philip Moll, piano) (3:13).</subfield>
          </datafield>
          <datafield tag="650" ind1=" " ind2="0">
            <subfield code="a">Violin with orchestra, Arranged.</subfield>
          </datafield>
          <datafield tag="650" ind1=" " ind2="0">
            <subfield code="a">Violin and piano music, Arranged.</subfield>
          </datafield>
          <datafield tag="700" ind1="1" ind2=" ">
            <subfield code="a">Loveday, Alan.</subfield>
          </datafield>
          <datafield tag="700" ind1="1" ind2=" ">
            <subfield code="a">Kennedy, Nigel.</subfield>
          </datafield>
          <datafield tag="700" ind1="1" ind2=" ">
            <subfield code="a">Ricci, Ruggiero,</subfield>
            <subfield code="d">1918-2012.</subfield>
          </datafield>
          <datafield tag="700" ind1="1" ind2=" ">
            <subfield code="a">Suwanai, Akiko,</subfield>
            <subfield code="d">1972-</subfield>
          </datafield>
          <datafield tag="700" ind1="1" ind2=" ">
            <subfield code="a">Bell, Joshua,</subfield>
            <subfield code="d">1967-</subfield>
          </datafield>
          <datafield tag="700" ind1="1" ind2=" ">
            <subfield code="a">Szeryng, Henryk.</subfield>
          </datafield>
          <datafield tag="700" ind1="1" ind2=" ">
            <subfield code="a">Hasson, Maurice.</subfield>
          </datafield>
          <datafield tag="700" ind1="1" ind2=" ">
            <subfield code="a">Chung, Kyung-Wha,</subfield>
            <subfield code="d">1948-</subfield>
          </datafield>
          <datafield tag="700" ind1="1" ind2=" ">
            <subfield code="a">Kerr, Alexander.</subfield>
          </datafield>
          <datafield tag="700" ind1="1" ind2=" ">
            <subfield code="a">Chailly, Riccardo,</subfield>
            <subfield code="d">1953-</subfield>
          </datafield>
          <datafield tag="700" ind1="1" ind2=" ">
            <subfield code="a">Grumiaux, Arthur.</subfield>
          </datafield>
          <datafield tag="700" ind1="1" ind2=" ">
            <subfield code="a">Fujikawa, Mayumi,</subfield>
            <subfield code="d">1946-</subfield>
          </datafield>
          <datafield tag="952" ind1=" " ind2=" ">
            <subfield code="a">muzerec</subfield>
          </datafield>
          <datafield tag="985" ind1=" " ind2=" ">
            <subfield code="c">OCLC</subfield>
            <subfield code="e">srreplace 2005-08</subfield>
          </datafield>
        </record>
      </zs:recordData>
      <zs:recordPosition>1</zs:recordPosition>
    </zs:record>