
    <zs:record>
      <zs:recordSchema/>
      <zs:recordPacking>xml</zs:recordPacking>
      <zs:recordData>
        <record xmlns="http://www.loc.gov/MARC21/slim">
          <leader>02413cjm a2200505 a 4500</leader>
          <controlfield tag="001">14199719</controlfield>
          <controlfield tag="005">20200428072147.0</controlfield>
          <controlfield tag="007">sd fsngnnmmned</controlfield>
          <controlfield tag="008">051214p20042002nyumun|  efhi     |     d</controlfield>
          <datafield tag="906" ind1=" " ind2=" ">
            <subfield code="a">7</subfield>
            <subfield code="b">cbc</subfield>
            <subfield code="c">copycat</subfield>
            <subfield code="d">2</subfield>
            <subfield code="e">ncip</subfield>
            <subfield code="f">20</subfield>
            <subfield code="g">y-genmusic</subfield>
          </datafield>
          <datafield tag="925" ind1="0" ind2=" ">
            <subfield code="a">acquire</subfield>
            <subfield code="b">2 shelf copies</subfield>
            <subfield code="x">policy default</subfield>
          </datafield>
          <datafield tag="955" ind1=" " ind2=" ">
            <subfield code="a">vl28 2005-12-14 z-client</subfield>
            <subfield code="i">vl28 2005-12-14</subfield>
            <subfield code="e">vl28 2006-07-28 copy 2 to MBRS/RS</subfield>
          </datafield>
          <datafield tag="010" ind1=" " ind2=" ">
            <subfield code="a">  2005591980</subfield>
          </datafield>
          <datafield tag="024" ind1="1" ind2=" ">
            <subfield code="a">099923755128</subfield>
          </datafield>
          <datafield tag="028" ind1="0" ind2="2">
            <subfield code="a">3-7551-2</subfield>
            <subfield code="b">Koch International Classics</subfield>
          </datafield>
          <datafield tag="028" ind1="0" ind2="2">
            <subfield code="a">3-7551-2 H1</subfield>
            <subfield code="b">Koch International Classics</subfield>
          </datafield>
          <datafield tag="028" ind1="0" ind2="2">
            <subfield code="a">KIC CD 7551</subfield>
            <subfield code="b">Koch International Classics</subfield>
          </datafield>
          <datafield tag="035" ind1=" " ind2=" ">
            <subfield code="a">(OCoLC)ocm56944826</subfield>
          </datafield>
          <datafield tag="040" ind1=" " ind2=" ">
            <subfield code="a">CIN</subfield>
            <subfield code="c">CIN</subfield>
            <subfield code="d">OCLCQ</subfield>
            <subfield code="d">DLC</subfield>
          </datafield>
          <datafield tag="041" ind1="0" ind2=" ">
            <subfield code="g">eng</subfield>
          </datafield>
          <datafield tag="042" ind1=" " ind2=" ">
            <subfield code="a">lccopycat</subfield>
          </datafield>
          <datafield tag="050" ind1="0" ind2="0">
            <subfield code="a">SDB 26159</subfield>
          </datafield>
          <datafield tag="245" ind1="0" ind2="0">
            <subfield code="a">Santa Fe Chamber Music Festival</subfield>
            <subfield code="h">[sound recording] /</subfield>
            <subfield code="c">Arensky, Harbison, Schnittke.</subfield>
          </datafield>
          <datafield tag="260" ind1=" " ind2=" ">
            <subfield code="a">New York, N.Y. :</subfield>
            <subfield code="b">Koch International Classics,</subfield>
            <subfield code="c">p2004.</subfield>
          </datafield>
          <datafield tag="300" ind1=" " ind2=" ">
            <subfield code="a">1 sound disc :</subfield>
            <subfield code="b">digital ;</subfield>
            <subfield code="c">4 3/4 in.</subfield>
          </datafield>
          <datafield tag="306" ind1=" " ind2=" ">
            <subfield code="a">002840</subfield>
            <subfield code="a">001924</subfield>
            <subfield code="a">000544</subfield>
          </datafield>
          <datafield tag="511" ind1="0" ind2=" ">
            <subfield code="a">In the 1st work: Alexander Kerr, violin ; Kirsten Johnson, viola ; Timothy Eddy, Eric Kim, violoncellos. In the 2nd work: Orion String Quartet. In the 3rd work: Todd Phillips, Daniel Phillips, violins.</subfield>
          </datafield>
          <datafield tag="518" ind1=" " ind2=" ">
            <subfield code="a">Recorded August 2002, Rehearsal Studio of Santa Fe Opera.</subfield>
          </datafield>
          <datafield tag="500" ind1=" " ind2=" ">
            <subfield code="a">Compact disc.</subfield>
          </datafield>
          <datafield tag="500" ind1=" " ind2=" ">
            <subfield code="a">Program notes in English in container.</subfield>
          </datafield>
          <datafield tag="505" ind1="0" ind2=" ">
            <subfield code="a">Quartet no. 2 in A minor for violin, viola &amp; two cellos, op. 35, no. 2 (1984) / Anton Stepanovich Arensky (28:40) -- Quartet no. 4 for two violins, viola &amp; cello (2002) / John Harbison (19:24) -- Moz-art : for two violins, after Mozart K. 416d (1976) / Alfred Schnittke (5:44).</subfield>
          </datafield>
          <datafield tag="650" ind1=" " ind2="0">
            <subfield code="a">String quartets (Violin, viola, cellos (2))</subfield>
          </datafield>
          <datafield tag="650" ind1=" " ind2="0">
            <subfield code="a">String quartets.</subfield>
          </datafield>
          <datafield tag="650" ind1=" " ind2="0">
            <subfield code="a">Violin music (Violins (2))</subfield>
          </datafield>
          <datafield tag="700" ind1="1" ind2=" ">
            <subfield code="a">Kerr, Alexander</subfield>
            <subfield code="c">(Violinist)</subfield>
            <subfield code="4">prf</subfield>
          </datafield>
          <datafield tag="700" ind1="1" ind2=" ">
            <subfield code="a">Johnson, Kirsten.</subfield>
            <subfield code="4">prf</subfield>
          </datafield>
          <datafield tag="700" ind1="1" ind2=" ">
            <subfield code="a">Eddy, Timothy.</subfield>
            <subfield code="4">prf</subfield>
          </datafield>
          <datafield tag="700" ind1="1" ind2=" ">
            <subfield code="a">Kim, Eric.</subfield>
            <subfield code="4">prf</subfield>
          </datafield>
          <datafield tag="700" ind1="1" ind2=" ">
            <subfield code="a">Phillips, Todd</subfield>
            <subfield code="c">(Violinist)</subfield>
            <subfield code="4">prf</subfield>
          </datafield>
          <datafield tag="700" ind1="1" ind2=" ">
            <subfield code="a">Phillips, Daniel.</subfield>
            <subfield code="4">prf</subfield>
          </datafield>
          <datafield tag="700" ind1="1" ind2="2">
            <subfield code="a">Arensky, Anton,</subfield>
            <subfield code="d">1861-1906.</subfield>
            <subfield code="t">Quartets,</subfield>
            <subfield code="m">violin, viola, cellos (2),</subfield>
            <subfield code="n">op. 35,</subfield>
            <subfield code="r">A minor.</subfield>
          </datafield>
          <datafield tag="700" ind1="1" ind2="2">
            <subfield code="a">Harbison, John.</subfield>
            <subfield code="t">Quartets,</subfield>
            <subfield code="m">violins (2), viola, cello,</subfield>
            <subfield code="n">no. 4.</subfield>
          </datafield>
          <datafield tag="700" ind1="1" ind2="2">
            <subfield code="a">Schnittke, Alfred,</subfield>
            <subfield code="d">1934-1998.</subfield>
            <subfield code="t">Moz-Art,</subfield>
            <subfield code="m">violins (2)</subfield>
            <subfield code="n">(1976)</subfield>
          </datafield>
          <datafield tag="710" ind1="2" ind2=" ">
            <subfield code="a">Orion String Quartet.</subfield>
            <subfield code="4">prf</subfield>
          </datafield>
          <datafield tag="711" ind1="2" ind2=" ">
            <subfield code="a">Santa Fe Chamber Music Festival</subfield>
            <subfield code="n">(32nd :</subfield>
            <subfield code="d">2002)</subfield>
          </datafield>
        </record>
      </zs:recordData>
      <zs:recordPosition>4</zs:recordPosition>
    </zs:record>