
    <zs:record>
      <zs:recordSchema/>
      <zs:recordPacking>xml</zs:recordPacking>
      <zs:recordData>
        <record xmlns="http://www.loc.gov/MARC21/slim">
          <leader>01639cem a2200397 i 4500</leader>
          <controlfield tag="001">22767012</controlfield>
          <controlfield tag="005">20220830112327.0</controlfield>
          <controlfield tag="007">ad|canzn</controlfield>
          <controlfield tag="008">220826s1980    dcu       e  f  0   eng  </controlfield>
          <datafield tag="906" ind1=" " ind2=" ">
            <subfield code="a">7</subfield>
            <subfield code="b">cbc</subfield>
            <subfield code="c">orignew</subfield>
            <subfield code="d">u</subfield>
            <subfield code="e">ncip</subfield>
            <subfield code="f">20</subfield>
            <subfield code="g">y-geogmaps</subfield>
          </datafield>
          <datafield tag="925" ind1="0" ind2=" ">
            <subfield code="a">acquire</subfield>
            <subfield code="b">1 shelf copy</subfield>
            <subfield code="x">policy default</subfield>
          </datafield>
          <datafield tag="955" ind1=" " ind2=" ">
            <subfield code="i">ga15 2022-08-26 sent to CMT</subfield>
            <subfield code="w">xm08 2022-08-30</subfield>
          </datafield>
          <datafield tag="010" ind1=" " ind2=" ">
            <subfield code="a">  2022586094</subfield>
            <subfield code="z">   80602333 </subfield>
          </datafield>
          <datafield tag="034" ind1="0" ind2=" ">
            <subfield code="a">a</subfield>
          </datafield>
          <datafield tag="040" ind1=" " ind2=" ">
            <subfield code="a">DLC</subfield>
            <subfield code="b">eng</subfield>
            <subfield code="e">rda</subfield>
            <subfield code="c">DLC</subfield>
          </datafield>
          <datafield tag="050" ind1="0" ind2="0">
            <subfield code="a">G1363.R3</subfield>
            <subfield code="b">S6 1980</subfield>
          </datafield>
          <datafield tag="051" ind1=" " ind2=" ">
            <subfield code="a">S599.L6</subfield>
            <subfield code="b">U54 1980</subfield>
          </datafield>
          <datafield tag="052" ind1=" " ind2=" ">
            <subfield code="a">4013</subfield>
            <subfield code="b">R3</subfield>
          </datafield>
          <datafield tag="082" ind1="0" ind2="0">
            <subfield code="a">631.4/776369</subfield>
            <subfield code="2">23/eng/20220830</subfield>
          </datafield>
          <datafield tag="245" ind1="0" ind2="0">
            <subfield code="a">Soil survey of Rapides Parish, Louisiana /</subfield>
            <subfield code="c">by Alexander Kerr, Jr. [and four others] ; United States Department of Agriculture, Soil Conservation Service and Forest Service, in cooperation with Louisiana Agricultural Experiment Station.</subfield>
          </datafield>
          <datafield tag="255" ind1=" " ind2=" ">
            <subfield code="a">Scales differ.</subfield>
          </datafield>
          <datafield tag="264" ind1=" " ind2="1">
            <subfield code="a">[Washington, D.C.] :</subfield>
            <subfield code="b">Soil Conservation Service,</subfield>
            <subfield code="c">1980.</subfield>
          </datafield>
          <datafield tag="300" ind1=" " ind2=" ">
            <subfield code="a">1 atlas (iii, 86 pages, 58 leaves) :</subfield>
            <subfield code="b">illustrations, maps (mostly folded, 1 color) ;</subfield>
            <subfield code="c">29 cm</subfield>
          </datafield>
          <datafield tag="336" ind1=" " ind2=" ">
            <subfield code="a">cartographic image</subfield>
            <subfield code="b">cri</subfield>
            <subfield code="2">rdacontent</subfield>
          </datafield>
          <datafield tag="337" ind1=" " ind2=" ">
            <subfield code="a">unmediated</subfield>
            <subfield code="b">n</subfield>
            <subfield code="2">rdamedia</subfield>
          </datafield>
          <datafield tag="338" ind1=" " ind2=" ">
            <subfield code="a">volume</subfield>
            <subfield code="b">nc</subfield>
            <subfield code="2">rdacarrier</subfield>
          </datafield>
          <datafield tag="500" ind1=" " ind2=" ">
            <subfield code="a">"Issued March 1980."</subfield>
          </datafield>
          <datafield tag="500" ind1=" " ind2=" ">
            <subfield code="a">Title from cover.</subfield>
          </datafield>
          <datafield tag="504" ind1=" " ind2=" ">
            <subfield code="a">Includes bibliographical references (pages 84-85).</subfield>
          </datafield>
          <datafield tag="651" ind1=" " ind2="0">
            <subfield code="a">Rapides Parish (La.)</subfield>
            <subfield code="v">Maps.</subfield>
          </datafield>
          <datafield tag="650" ind1=" " ind2="0">
            <subfield code="a">Soils</subfield>
            <subfield code="z">Louisiana</subfield>
            <subfield code="z">Rapides Parish</subfield>
            <subfield code="v">Maps.</subfield>
          </datafield>
          <datafield tag="650" ind1=" " ind2="0">
            <subfield code="a">Soil surveys</subfield>
            <subfield code="z">Louisiana</subfield>
            <subfield code="z">Rapides Parish.</subfield>
          </datafield>
          <datafield tag="655" ind1=" " ind2="7">
            <subfield code="a">Atlases.</subfield>
            <subfield code="2">lcgft</subfield>
          </datafield>
          <datafield tag="700" ind1="1" ind2=" ">
            <subfield code="a">Kerr, Alexander,</subfield>
            <subfield code="e">author.</subfield>
          </datafield>
          <datafield tag="710" ind1="1" ind2=" ">
            <subfield code="a">United States.</subfield>
            <subfield code="b">Soil Conservation Service.</subfield>
          </datafield>
          <datafield tag="710" ind1="2" ind2=" ">
            <subfield code="a">Louisiana Agricultural Experiment Station.</subfield>
          </datafield>
        </record>
      </zs:recordData>
      <zs:recordPosition>5</zs:recordPosition>
    </zs:record>