
    <zs:record>
      <zs:recordSchema/>
      <zs:recordPacking>xml</zs:recordPacking>
      <zs:recordData>
        <record xmlns="http://www.loc.gov/MARC21/slim">
          <leader>02414cjm a2200565 a 4500</leader>
          <controlfield tag="001">14196845</controlfield>
          <controlfield tag="005">20130531081716.0</controlfield>
          <controlfield tag="007">sd fsngnnmmned</controlfield>
          <controlfield tag="008">051212p20051989laumun|  efi      |     d</controlfield>
          <datafield tag="906" ind1=" " ind2=" ">
            <subfield code="a">7</subfield>
            <subfield code="b">cbc</subfield>
            <subfield code="c">copycat</subfield>
            <subfield code="d">2</subfield>
            <subfield code="e">ncip</subfield>
            <subfield code="f">20</subfield>
            <subfield code="g">y-genmusic</subfield>
          </datafield>
          <datafield tag="925" ind1="0" ind2=" ">
            <subfield code="a">acquire</subfield>
            <subfield code="b">2 shelf copies</subfield>
            <subfield code="x">policy default</subfield>
          </datafield>
          <datafield tag="955" ind1=" " ind2=" ">
            <subfield code="a">vl28 2005-12-12 z-client</subfield>
            <subfield code="i">vl28 2005-12-12</subfield>
            <subfield code="e">vl28 2005-12-12 copy 2 to MBRS/RS</subfield>
          </datafield>
          <datafield tag="010" ind1=" " ind2=" ">
            <subfield code="a">  2005591988</subfield>
          </datafield>
          <datafield tag="024" ind1="1" ind2=" ">
            <subfield code="a">044747276021</subfield>
          </datafield>
          <datafield tag="028" ind1="0" ind2="2">
            <subfield code="a">CRC 2760</subfield>
            <subfield code="b">Centaur</subfield>
          </datafield>
          <datafield tag="033" ind1="1" ind2="0">
            <subfield code="a">19890413</subfield>
            <subfield code="a">199807--</subfield>
            <subfield code="b">4094</subfield>
            <subfield code="c">B5</subfield>
            <subfield code="c">I5</subfield>
          </datafield>
          <datafield tag="033" ind1="1" ind2="0">
            <subfield code="a">200202--</subfield>
            <subfield code="a">200307--</subfield>
            <subfield code="b">4114</subfield>
            <subfield code="c">A5</subfield>
          </datafield>
          <datafield tag="035" ind1=" " ind2=" ">
            <subfield code="a">(OCoLC)ocm62175216</subfield>
          </datafield>
          <datafield tag="040" ind1=" " ind2=" ">
            <subfield code="a">MTG</subfield>
            <subfield code="c">MTG</subfield>
            <subfield code="d">OBE</subfield>
            <subfield code="d">DLC</subfield>
          </datafield>
          <datafield tag="041" ind1="0" ind2=" ">
            <subfield code="g">eng</subfield>
          </datafield>
          <datafield tag="042" ind1=" " ind2=" ">
            <subfield code="a">lccopycat</subfield>
          </datafield>
          <datafield tag="045" ind1="1" ind2=" ">
            <subfield code="b">d2002</subfield>
            <subfield code="b">d1989</subfield>
            <subfield code="b">d1994</subfield>
            <subfield code="b">d1986</subfield>
          </datafield>
          <datafield tag="047" ind1=" " ind2=" ">
            <subfield code="a">sn</subfield>
            <subfield code="a">ft</subfield>
          </datafield>
          <datafield tag="048" ind1=" " ind2=" ">
            <subfield code="a">sa01</subfield>
            <subfield code="a">ka01</subfield>
          </datafield>
          <datafield tag="048" ind1=" " ind2=" ">
            <subfield code="a">sa01</subfield>
            <subfield code="a">ez</subfield>
          </datafield>
          <datafield tag="050" ind1="0" ind2="0">
            <subfield code="a">SDB 26146</subfield>
          </datafield>
          <datafield tag="100" ind1="1" ind2=" ">
            <subfield code="a">Aikman, James.</subfield>
          </datafield>
          <datafield tag="240" ind1="1" ind2="0">
            <subfield code="a">Chamber music.</subfield>
            <subfield code="k">Selections</subfield>
          </datafield>
          <datafield tag="245" ind1="1" ind2="0">
            <subfield code="a">Tremors from a far shore</subfield>
            <subfield code="h">[sound recording] /</subfield>
            <subfield code="c">James Aikman.</subfield>
          </datafield>
          <datafield tag="260" ind1=" " ind2=" ">
            <subfield code="a">[Baton Rouge, La.?] :</subfield>
            <subfield code="b">Centaur,</subfield>
            <subfield code="c">p2005.</subfield>
          </datafield>
          <datafield tag="300" ind1=" " ind2=" ">
            <subfield code="a">1 sound disc :</subfield>
            <subfield code="b">digital ;</subfield>
            <subfield code="c">4 3/4 in.</subfield>
          </datafield>
          <datafield tag="306" ind1=" " ind2=" ">
            <subfield code="a">001816</subfield>
            <subfield code="a">000718</subfield>
            <subfield code="a">001325</subfield>
            <subfield code="a">001039</subfield>
          </datafield>
          <datafield tag="500" ind1=" " ind2=" ">
            <subfield code="a">The sonatas for violin and piano.</subfield>
          </datafield>
          <datafield tag="511" ind1="0" ind2=" ">
            <subfield code="a">Alexander Kerr, violin and Lisa Leonard, piano (1st work) ; Davis Brooks, violin and James Aikman, electronics (2nd) ; Hidetaro Suzuki, violin and Zeyda Ruga Suzuki, piano (3rd) ; Joshua Bell, violin and Deanna Aikman, piano (4th).</subfield>
          </datafield>
          <datafield tag="518" ind1=" " ind2=" ">
            <subfield code="a">Recorded Apr. 13, 1989, Recital Hall, Indiana University, Bloomington, Ind. (4th work), July 1998, Lodge Studio, Indianapolis (3rd), and Feb. 2002 (1st) and July 2003 (2nd), Solid Sound Studios, Ann Arbor, Mich.</subfield>
          </datafield>
          <datafield tag="500" ind1=" " ind2=" ">
            <subfield code="a">Compact disc.</subfield>
          </datafield>
          <datafield tag="500" ind1=" " ind2=" ">
            <subfield code="a">Program notes ([7] p. : port.) inserted in container.</subfield>
          </datafield>
          <datafield tag="505" ind1="0" ind2=" ">
            <subfield code="a">Sonata no. 3 (18:16) -- Fantasy for violin and electronics (7:18) -- Sonata no. 2 (13:25) -- Sonata no. 1 (10:39).</subfield>
          </datafield>
          <datafield tag="650" ind1=" " ind2="0">
            <subfield code="a">Sonatas (Violin and piano)</subfield>
          </datafield>
          <datafield tag="650" ind1=" " ind2="0">
            <subfield code="a">Electronic and violin music.</subfield>
          </datafield>
          <datafield tag="700" ind1="1" ind2=" ">
            <subfield code="a">Kerr, Alexander</subfield>
            <subfield code="c">(Violinist)</subfield>
            <subfield code="4">itr</subfield>
          </datafield>
          <datafield tag="700" ind1="1" ind2=" ">
            <subfield code="a">Leonard, Lisa.</subfield>
            <subfield code="4">itr</subfield>
          </datafield>
          <datafield tag="700" ind1="1" ind2=" ">
            <subfield code="a">Brooks, Davis.</subfield>
            <subfield code="4">itr</subfield>
          </datafield>
          <datafield tag="700" ind1="1" ind2=" ">
            <subfield code="a">Aikman, James.</subfield>
            <subfield code="4">itr</subfield>
          </datafield>
          <datafield tag="700" ind1="1" ind2=" ">
            <subfield code="a">Suzuki, Hidetaro,</subfield>
            <subfield code="d">1937-</subfield>
            <subfield code="4">itr</subfield>
          </datafield>
          <datafield tag="700" ind1="1" ind2=" ">
            <subfield code="a">Suzuki, Zeyda Ruga.</subfield>
            <subfield code="4">itr</subfield>
          </datafield>
          <datafield tag="700" ind1="1" ind2=" ">
            <subfield code="a">Bell, Joshua,</subfield>
            <subfield code="d">1967-</subfield>
            <subfield code="4">itr</subfield>
          </datafield>
          <datafield tag="700" ind1="1" ind2=" ">
            <subfield code="a">Aikman, Deanna.</subfield>
            <subfield code="4">itr</subfield>
          </datafield>
          <datafield tag="700" ind1="1" ind2="2">
            <subfield code="a">Aikman, James.</subfield>
            <subfield code="t">Sonatas,</subfield>
            <subfield code="m">violin, piano,</subfield>
            <subfield code="n">no. 1-3.</subfield>
          </datafield>
          <datafield tag="700" ind1="1" ind2="2">
            <subfield code="a">Aikman, James.</subfield>
            <subfield code="t">Fantasy,</subfield>
            <subfield code="m">violin, electronics.</subfield>
          </datafield>
        </record>
      </zs:recordData>
      <zs:recordPosition>6</zs:recordPosition>
    </zs:record>