
    <zs:record>
      <zs:recordSchema/>
      <zs:recordPacking>xml</zs:recordPacking>
      <zs:recordData>
        <record xmlns="http://www.loc.gov/MARC21/slim">
          <leader>02043cjm a2200469 a 4500</leader>
          <controlfield tag="001">15219737</controlfield>
          <controlfield tag="005">20150501135002.0</controlfield>
          <controlfield tag="007">sd fsngnnmmned</controlfield>
          <controlfield tag="008">080314p20032001enkcon|  i        | zxx d</controlfield>
          <datafield tag="010" ind1=" " ind2=" ">
            <subfield code="a">  2008647795</subfield>
          </datafield>
          <datafield tag="024" ind1="1" ind2=" ">
            <subfield code="a">724355752123</subfield>
          </datafield>
          <datafield tag="028" ind1="0" ind2="2">
            <subfield code="a">7243 5 57521 2 3</subfield>
            <subfield code="b">EMI Classics</subfield>
          </datafield>
          <datafield tag="028" ind1="0" ind2="0">
            <subfield code="a">5 57521 2</subfield>
            <subfield code="b">EMI Classics</subfield>
          </datafield>
          <datafield tag="035" ind1=" " ind2=" ">
            <subfield code="a">(OCoLC)ocm52698328</subfield>
          </datafield>
          <datafield tag="040" ind1=" " ind2=" ">
            <subfield code="a">IEB</subfield>
            <subfield code="c">IEB</subfield>
            <subfield code="d">CIN</subfield>
            <subfield code="d">BTCTA</subfield>
            <subfield code="d">LVB</subfield>
            <subfield code="d">DLC</subfield>
          </datafield>
          <datafield tag="041" ind1="0" ind2=" ">
            <subfield code="g">eng</subfield>
          </datafield>
          <datafield tag="042" ind1=" " ind2=" ">
            <subfield code="a">lccopycat</subfield>
          </datafield>
          <datafield tag="050" ind1="0" ind2="0">
            <subfield code="a">SDB 70465</subfield>
          </datafield>
          <datafield tag="100" ind1="1" ind2=" ">
            <subfield code="a">Dvořák, Antonín,</subfield>
            <subfield code="d">1841-1904.</subfield>
          </datafield>
          <datafield tag="240" ind1="1" ind2="0">
            <subfield code="a">Concertos,</subfield>
            <subfield code="m">violin, orchestra,</subfield>
            <subfield code="n">op. 53,</subfield>
            <subfield code="r">A minor</subfield>
          </datafield>
          <datafield tag="245" ind1="1" ind2="0">
            <subfield code="a">Violin concerto</subfield>
            <subfield code="h">[sound recording] ;</subfield>
            <subfield code="b">Piano quintet /</subfield>
            <subfield code="c">Dvořák.</subfield>
          </datafield>
          <datafield tag="260" ind1=" " ind2=" ">
            <subfield code="a">Hayes, Middlesex :</subfield>
            <subfield code="b">EMI Classics,</subfield>
            <subfield code="c">p2003.</subfield>
          </datafield>
          <datafield tag="300" ind1=" " ind2=" ">
            <subfield code="a">1 sound disc :</subfield>
            <subfield code="b">digital ;</subfield>
            <subfield code="c">4 3/4 in.</subfield>
          </datafield>
          <datafield tag="306" ind1=" " ind2=" ">
            <subfield code="a">003345</subfield>
            <subfield code="a">003808</subfield>
          </datafield>
          <datafield tag="511" ind1="0" ind2=" ">
            <subfield code="a">Sarah Chang, violin ; London Symphony Orchestra (1st work) ; Colin Davis, conductor (1st work) ; Leif Ove Andsnes, piano (2nd work) ; Alexander Kerr, violin (2nd work) ; Wolfram Christ, viola (2nd work) ; Georg Faust, violoncello (2nd work).</subfield>
          </datafield>
          <datafield tag="518" ind1=" " ind2=" ">
            <subfield code="a">Concerto recorded June 2001 at Watford Colosseum, Quintet recorded May 2002 at Mozartsaal, Konzerthaus, Wien.</subfield>
          </datafield>
          <datafield tag="500" ind1=" " ind2=" ">
            <subfield code="a">Compact disc.</subfield>
          </datafield>
          <datafield tag="500" ind1=" " ind2=" ">
            <subfield code="a">Notes by Jan Smaczny inserted in container.</subfield>
          </datafield>
          <datafield tag="505" ind1="0" ind2=" ">
            <subfield code="a">Violin concerto, op. 53 (B108) in A minor (33:45) -- Piano quintet, op. 181 (B155) in A major (38:08).</subfield>
          </datafield>
          <datafield tag="650" ind1=" " ind2="0">
            <subfield code="a">Concertos (Violin)</subfield>
          </datafield>
          <datafield tag="650" ind1=" " ind2="0">
            <subfield code="a">Piano quintets.</subfield>
          </datafield>
          <datafield tag="700" ind1="1" ind2=" ">
            <subfield code="a">Chang, Sarah.</subfield>
            <subfield code="4">prf</subfield>
          </datafield>
          <datafield tag="700" ind1="1" ind2=" ">
            <subfield code="a">Davis, Colin,</subfield>
            <subfield code="d">1927-2013.</subfield>
            <subfield code="4">cnd</subfield>
          </datafield>
          <datafield tag="700" ind1="1" ind2=" ">
            <subfield code="a">Andsnes, Leif Ove,</subfield>
            <subfield code="d">1970-</subfield>
            <subfield code="4">prf</subfield>
          </datafield>
          <datafield tag="700" ind1="1" ind2=" ">
            <subfield code="a">Kerr, Alexander</subfield>
            <subfield code="c">(Violinist)</subfield>
            <subfield code="4">prf</subfield>
          </datafield>
          <datafield tag="700" ind1="1" ind2=" ">
            <subfield code="a">Christ, Wolfram.</subfield>
            <subfield code="4">prf</subfield>
          </datafield>
          <datafield tag="700" ind1="1" ind2=" ">
            <subfield code="a">Faust, Georg.</subfield>
            <subfield code="4">prf</subfield>
          </datafield>
          <datafield tag="700" ind1="1" ind2="2">
            <subfield code="a">Dvořák, Antonín,</subfield>
            <subfield code="d">1841-1904.</subfield>
            <subfield code="t">Quintets,</subfield>
            <subfield code="m">piano, violins (2), viola, cello,</subfield>
            <subfield code="n">op. 81,</subfield>
            <subfield code="r">A major.</subfield>
          </datafield>
          <datafield tag="710" ind1="2" ind2=" ">
            <subfield code="a">London Symphony Orchestra.</subfield>
            <subfield code="4">prf</subfield>
          </datafield>
          <datafield tag="906" ind1=" " ind2=" ">
            <subfield code="a">7</subfield>
            <subfield code="b">cbc</subfield>
            <subfield code="c">copycat</subfield>
            <subfield code="d">2</subfield>
            <subfield code="e">ncip</subfield>
            <subfield code="f">20</subfield>
            <subfield code="g">y-soundrec</subfield>
          </datafield>
          <datafield tag="925" ind1="0" ind2=" ">
            <subfield code="a">acquire</subfield>
            <subfield code="b">2 shelf copies</subfield>
            <subfield code="x">policy default</subfield>
          </datafield>
          <datafield tag="955" ind1=" " ind2=" ">
            <subfield code="a">qr28 2008-03-14 z-client</subfield>
            <subfield code="i">qr28 2008-03-14</subfield>
          </datafield>
        </record>
      </zs:recordData>
      <zs:recordPosition>8</zs:recordPosition>
    </zs:record>