
    <zs:record>
      <zs:recordSchema/>
      <zs:recordPacking>xml</zs:recordPacking>
      <zs:recordData>
        <record xmlns="http://www.loc.gov/MARC21/slim">
          <leader>00939cam a2200253 a 4500</leader>
          <controlfield tag="001">16709697</controlfield>
          <controlfield tag="005">20130607080347.0</controlfield>
          <controlfield tag="008">110328s1830    maua   j      000 0 eng  </controlfield>
          <datafield tag="906" ind1=" " ind2=" ">
            <subfield code="a">7</subfield>
            <subfield code="b">cbc</subfield>
            <subfield code="c">orignew</subfield>
            <subfield code="d">2</subfield>
            <subfield code="e">ncip</subfield>
            <subfield code="f">20</subfield>
            <subfield code="g">y-genrareb</subfield>
          </datafield>
          <datafield tag="955" ind1=" " ind2=" ">
            <subfield code="b">he06 2011-03-28</subfield>
            <subfield code="i">he06 2011-03-28</subfield>
          </datafield>
          <datafield tag="010" ind1=" " ind2=" ">
            <subfield code="a">  2010479986</subfield>
          </datafield>
          <datafield tag="040" ind1=" " ind2=" ">
            <subfield code="a">DLC</subfield>
            <subfield code="c">DLC</subfield>
          </datafield>
          <datafield tag="050" ind1="0" ind2="0">
            <subfield code="a">BV4907</subfield>
            <subfield code="b">.K47 1830</subfield>
          </datafield>
          <datafield tag="100" ind1="1" ind2=" ">
            <subfield code="a">Kerr, Alexander,</subfield>
            <subfield code="d">active 19th century.</subfield>
          </datafield>
          <datafield tag="245" ind1="1" ind2="0">
            <subfield code="a">Brief memorials of four children /</subfield>
            <subfield code="c">by Alexander Kerr.</subfield>
          </datafield>
          <datafield tag="260" ind1=" " ind2=" ">
            <subfield code="a">Boston :</subfield>
            <subfield code="b">Printed by Peirce &amp; Williams,</subfield>
            <subfield code="c">1830.</subfield>
          </datafield>
          <datafield tag="300" ind1=" " ind2=" ">
            <subfield code="a">67 p. ;</subfield>
            <subfield code="c">15 cm.</subfield>
          </datafield>
          <datafield tag="510" ind1="4" ind2=" ">
            <subfield code="a">Checklist Amer. imprints,</subfield>
            <subfield code="c">2112</subfield>
          </datafield>
          <datafield tag="561" ind1=" " ind2=" ">
            <subfield code="a">LC copy is the gift of B. George Ulizio, Aug. 16, 1939.</subfield>
            <subfield code="5">DLC</subfield>
          </datafield>
          <datafield tag="650" ind1=" " ind2="0">
            <subfield code="a">Children</subfield>
            <subfield code="x">Death</subfield>
            <subfield code="x">Religious aspects</subfield>
            <subfield code="x">Christianity.</subfield>
          </datafield>
          <datafield tag="650" ind1=" " ind2="0">
            <subfield code="a">Bereavement</subfield>
            <subfield code="x">Religious aspects</subfield>
            <subfield code="x">Christianity.</subfield>
          </datafield>
          <datafield tag="650" ind1=" " ind2="0">
            <subfield code="a">Children</subfield>
            <subfield code="x">Religious life.</subfield>
          </datafield>
          <datafield tag="655" ind1=" " ind2="7">
            <subfield code="a">Juvenile literature</subfield>
            <subfield code="y">1830.</subfield>
            <subfield code="2">rbgenr</subfield>
          </datafield>
          <datafield tag="710" ind1="2" ind2=" ">
            <subfield code="a">Peirce and Williams,</subfield>
            <subfield code="e">publisher.</subfield>
          </datafield>
        </record>
      </zs:recordData>
      <zs:recordPosition>12</zs:recordPosition>
    </zs:record>