
    <zs:record>
      <zs:recordSchema/>
      <zs:recordPacking>xml</zs:recordPacking>
      <zs:recordData>
        <record xmlns="http://www.loc.gov/MARC21/slim">
          <leader>01334cam a2200289 a 4500</leader>
          <controlfield tag="001">16286470</controlfield>
          <controlfield tag="005">20160113113020.0</controlfield>
          <controlfield tag="008">100616m20079999gu a                eng  </controlfield>
          <datafield tag="906" ind1=" " ind2=" ">
            <subfield code="a">7</subfield>
            <subfield code="b">cbc</subfield>
            <subfield code="c">origres</subfield>
            <subfield code="d">3</subfield>
            <subfield code="e">ncip</subfield>
            <subfield code="f">20</subfield>
            <subfield code="g">y-gencatlg</subfield>
          </datafield>
          <datafield tag="925" ind1="0" ind2=" ">
            <subfield code="a">acquire</subfield>
            <subfield code="b">1 shelf copy</subfield>
            <subfield code="x">policy default</subfield>
          </datafield>
          <datafield tag="955" ind1=" " ind2=" ">
            <subfield code="b">hc13 2010-06-16 z-processor</subfield>
            <subfield code="i">hc11 2011-04-25 to BCCD</subfield>
            <subfield code="a">td11 2015-04-23 reclassed from QH91.A1 K42 2007, first subject heading added, subjects copied from serial cataloging of the technical report deleted, typo in 245a corrected</subfield>
          </datafield>
          <datafield tag="010" ind1=" " ind2=" ">
            <subfield code="a">  2010444544</subfield>
          </datafield>
          <datafield tag="040" ind1=" " ind2=" ">
            <subfield code="a">DLC</subfield>
            <subfield code="c">DLC</subfield>
            <subfield code="d">DLC</subfield>
          </datafield>
          <datafield tag="042" ind1=" " ind2=" ">
            <subfield code="a">pcc</subfield>
          </datafield>
          <datafield tag="043" ind1=" " ind2=" ">
            <subfield code="a">poci---</subfield>
          </datafield>
          <datafield tag="050" ind1="0" ind2="0">
            <subfield code="a">QL383.8.Y37</subfield>
            <subfield code="b">K47 2007</subfield>
          </datafield>
          <datafield tag="100" ind1="1" ind2=" ">
            <subfield code="a">Kerr, Alexander M.</subfield>
          </datafield>
          <datafield tag="245" ind1="1" ind2="4">
            <subfield code="a">The shallow-water echinoderms of Yap :</subfield>
            <subfield code="b">results of a survey performed 27 July to 9 August 2007, including a stock assessment of commercially valuable species  /</subfield>
            <subfield code="c">submitted by Alexander M. Kerr, Kris H. Netchy, S. Michelle Hoffman.</subfield>
          </datafield>
          <datafield tag="260" ind1=" " ind2=" ">
            <subfield code="a">[Guam] :</subfield>
            <subfield code="b">University of Guam,</subfield>
            <subfield code="c">2007.</subfield>
          </datafield>
          <datafield tag="300" ind1=" " ind2=" ">
            <subfield code="a">109 p. :</subfield>
            <subfield code="b">ill.;</subfield>
            <subfield code="c">28 cm.</subfield>
          </datafield>
          <datafield tag="490" ind1="0" ind2=" ">
            <subfield code="a">Technical report ;</subfield>
            <subfield code="v">121</subfield>
          </datafield>
          <datafield tag="500" ind1=" " ind2=" ">
            <subfield code="a">"August 2007."</subfield>
          </datafield>
          <datafield tag="650" ind1=" " ind2="0">
            <subfield code="a">Echinodermata</subfield>
            <subfield code="z">Micronesia (Federated States)</subfield>
            <subfield code="z">Yap.</subfield>
          </datafield>
          <datafield tag="700" ind1="1" ind2=" ">
            <subfield code="a">Netchy, Kris H.</subfield>
          </datafield>
          <datafield tag="700" ind1="1" ind2=" ">
            <subfield code="a">Hoffman, S. Michelle.</subfield>
          </datafield>
          <datafield tag="710" ind1="2" ind2=" ">
            <subfield code="a">University of Guam.</subfield>
            <subfield code="b">Marine Laboratory.</subfield>
          </datafield>
          <datafield tag="923" ind1=" " ind2=" ">
            <subfield code="a">Purchase</subfield>
            <subfield code="d">2009-11-09</subfield>
            <subfield code="n">18160</subfield>
            <subfield code="s">Pan Pacifica Publications</subfield>
          </datafield>
        </record>
      </zs:recordData>
      <zs:recordPosition>17</zs:recordPosition>
    </zs:record>