
    <zs:record>
      <zs:recordSchema/>
      <zs:recordPacking>xml</zs:recordPacking>
      <zs:recordData>
        <record xmlns="http://www.loc.gov/MARC21/slim">
          <leader>01995cjm a22004811a 4500</leader>
          <controlfield tag="001">12377425</controlfield>
          <controlfield tag="005">20150501132924.0</controlfield>
          <controlfield tag="007">sd|fsngnnmmned</controlfield>
          <controlfield tag="008">010412s2000    ne snn|           |     d</controlfield>
          <datafield tag="010" ind1=" " ind2=" ">
            <subfield code="a">  2001336924</subfield>
          </datafield>
          <datafield tag="024" ind1="3" ind2=" ">
            <subfield code="a">8713309920895</subfield>
          </datafield>
          <datafield tag="028" ind1="0" ind2="2">
            <subfield code="a">92089</subfield>
            <subfield code="b">NM Classics</subfield>
          </datafield>
          <datafield tag="033" ind1="2" ind2="0">
            <subfield code="a">20000416</subfield>
            <subfield code="a">20000419</subfield>
            <subfield code="b">6004</subfield>
            <subfield code="c">N5</subfield>
          </datafield>
          <datafield tag="035" ind1=" " ind2=" ">
            <subfield code="a">(DLC)   2001336924</subfield>
          </datafield>
          <datafield tag="035" ind1=" " ind2=" ">
            <subfield code="a">(OCoLC)ocm47145338</subfield>
          </datafield>
          <datafield tag="040" ind1=" " ind2=" ">
            <subfield code="a">OBE</subfield>
            <subfield code="c">OBE</subfield>
            <subfield code="d">DLC</subfield>
          </datafield>
          <datafield tag="042" ind1=" " ind2=" ">
            <subfield code="a">lcderive</subfield>
          </datafield>
          <datafield tag="045" ind1="1" ind2=" ">
            <subfield code="b">d1904</subfield>
            <subfield code="b">d1883</subfield>
            <subfield code="b">d1910</subfield>
          </datafield>
          <datafield tag="050" ind1="0" ind2="0">
            <subfield code="a">SDA 38285</subfield>
          </datafield>
          <datafield tag="100" ind1="1" ind2=" ">
            <subfield code="a">Röntgen, Julius,</subfield>
            <subfield code="d">1855-1932.</subfield>
          </datafield>
          <datafield tag="240" ind1="1" ind2="0">
            <subfield code="a">Chamber music.</subfield>
            <subfield code="k">Selections</subfield>
          </datafield>
          <datafield tag="245" ind1="1" ind2="0">
            <subfield code="a">Chamber music</subfield>
            <subfield code="h">[sound recording] /</subfield>
            <subfield code="c">Julius Röntgen.</subfield>
          </datafield>
          <datafield tag="260" ind1=" " ind2=" ">
            <subfield code="a">Netherlands :</subfield>
            <subfield code="b">NM Classics,</subfield>
            <subfield code="c">c2000.</subfield>
          </datafield>
          <datafield tag="300" ind1=" " ind2=" ">
            <subfield code="a">1 sound disc :</subfield>
            <subfield code="b">digital ;</subfield>
            <subfield code="c">4 3/4 in.</subfield>
          </datafield>
          <datafield tag="306" ind1=" " ind2=" ">
            <subfield code="a">002023</subfield>
            <subfield code="a">001958</subfield>
            <subfield code="a">002144</subfield>
          </datafield>
          <datafield tag="511" ind1="0" ind2=" ">
            <subfield code="a">Alexander Kerr, violin (1st-2nd works) ; Gregor Horsch, violoncello (1st and 3rd works) ; Sepp Grotenhuis, piano.</subfield>
          </datafield>
          <datafield tag="518" ind1=" " ind2=" ">
            <subfield code="a">Recorded Apr. 16-19, 2000, De Vereeniging, Nijmegen.</subfield>
          </datafield>
          <datafield tag="500" ind1=" " ind2=" ">
            <subfield code="a">Compact disc.</subfield>
          </datafield>
          <datafield tag="505" ind1="0" ind2=" ">
            <subfield code="a">Pianotrio in C minor op. 50 [nr. 4] (violin, violoncello and piano) (20:23) -- Sonata in F-sharp minor op. 20 (violin and piano) (19:58) -- Sonata nr. 5 op. 56 in B minor (violoncello and piano) (21:44).</subfield>
          </datafield>
          <datafield tag="650" ind1=" " ind2="0">
            <subfield code="a">Piano trios.</subfield>
          </datafield>
          <datafield tag="650" ind1=" " ind2="0">
            <subfield code="a">Sonatas (Violin and piano)</subfield>
          </datafield>
          <datafield tag="650" ind1=" " ind2="0">
            <subfield code="a">Sonatas (Cello and piano)</subfield>
          </datafield>
          <datafield tag="700" ind1="1" ind2=" ">
            <subfield code="a">Kerr, Alexander</subfield>
            <subfield code="c">(Violinist)</subfield>
            <subfield code="4">itr</subfield>
          </datafield>
          <datafield tag="700" ind1="1" ind2=" ">
            <subfield code="a">Horsch, Gregor.</subfield>
            <subfield code="4">itr</subfield>
          </datafield>
          <datafield tag="700" ind1="1" ind2=" ">
            <subfield code="a">Grotenhuis, Sepp.</subfield>
            <subfield code="4">itr</subfield>
          </datafield>
          <datafield tag="700" ind1="1" ind2="2">
            <subfield code="a">Röntgen, Julius,</subfield>
            <subfield code="d">1855-1932.</subfield>
            <subfield code="t">Trios,</subfield>
            <subfield code="m">piano, violin, cello,</subfield>
            <subfield code="n">op. 50,</subfield>
            <subfield code="r">C minor.</subfield>
          </datafield>
          <datafield tag="700" ind1="1" ind2="2">
            <subfield code="a">Röntgen, Julius,</subfield>
            <subfield code="d">1855-1932.</subfield>
            <subfield code="t">Sonatas,</subfield>
            <subfield code="m">violin, piano,</subfield>
            <subfield code="n">op. 20,</subfield>
            <subfield code="r">F# minor.</subfield>
          </datafield>
          <datafield tag="700" ind1="1" ind2="2">
            <subfield code="a">Röntgen, Julius,</subfield>
            <subfield code="d">1855-1932.</subfield>
            <subfield code="t">Sonatas,</subfield>
            <subfield code="m">cello, piano,</subfield>
            <subfield code="n">op. 56,</subfield>
            <subfield code="r">B minor.</subfield>
          </datafield>
          <datafield tag="906" ind1=" " ind2=" ">
            <subfield code="a">7</subfield>
            <subfield code="b">cbc</subfield>
            <subfield code="c">copycat</subfield>
            <subfield code="d">3</subfield>
            <subfield code="e">ncip</subfield>
            <subfield code="f">20</subfield>
            <subfield code="g">y-genmusic</subfield>
          </datafield>
          <datafield tag="925" ind1="0" ind2=" ">
            <subfield code="a">acquire</subfield>
            <subfield code="b">2 shelf copies</subfield>
            <subfield code="x">policy default</subfield>
          </datafield>
          <datafield tag="952" ind1=" " ind2=" ">
            <subfield code="a">tfront</subfield>
          </datafield>
          <datafield tag="955" ind1=" " ind2=" ">
            <subfield code="a">nh07 04-12-01 to MBRS</subfield>
            <subfield code="a">vk05 2001-10-05 to MBRS</subfield>
          </datafield>
          <datafield tag="985" ind1=" " ind2=" ">
            <subfield code="c">OCLC</subfield>
            <subfield code="e">srreplace 2002-05</subfield>
          </datafield>
        </record>
      </zs:recordData>
      <zs:recordPosition>23</zs:recordPosition>
    </zs:record>
  </zs:records>
  <zs:echoedSearchRetrieveRequest>
    <zs:version>1.1</zs:version>
    <zs:query>dc.creator="Kerr, Alexander" or dc.creator="Kerr, Louisa Hay" or dc.creator="Hough, Louisa Hay"</zs:query>
    <zs:maximumRecords>100</zs:maximumRecords>
    <zs:recordPacking>xml</zs:recordPacking>
  </zs:echoedSearchRetrieveRequest>
</zs:searchRetrieveResponse>
